@article{article,
author = {Compton, Richard and Blomberg, Richard and Moskowitz, H. and Peck, Raymond and Fiorentino, Dary},
year = {2002},
month = {01},
pages = {},
title = {Crash Risk of Alcohol Impaired Driving}
}