@article{article,
author = {Compton, Richard and Blomberg, Richard and Moskowitz, H. and Peck, Raymond and Fiorentino, Dary},
year = {2002},
month = {January},
pages = {},
title = {Crash Risk of Alcohol Impaired Driving},
journal = {NHTSA’S Ofﬁce of Behavioral Safety Research}
}

@book{matlab,
author = {Ksenofontos, Christos and Georgiou, Georgios},
year={2007},
month={May},
pages={283},
title={Εισαγωγή στην Matlab},
publisher={Πανεπιστήμιο Κύπρου}
}

@misc{learning, 
title={College Algebra}, 
url={https://courses.lumenlearning.com/waymakercollegealgebra/chapter/exponential-and-logarithmic-regression/}, 
journal={Lumen}, 
author={Learning, Lumen}
}

@book{fausett1999applied,
  title={Applied Numerical Analysis Using MATLAB},
  author={Fausett, L.V.},
  isbn={9780133198492},
  lccn={98050973},
  url={https://books.google.com.cy/books?id=fyYnAQAAIAAJ},
  year={1999},
  publisher={Prentice Hall}
}

@book{spandagos,
title={Ασκήσεις Γραμμικής Άλγεβρας Ι Και ΙΙ},
author={Σπανδάγος, Βαγγέλης},
year={2002},
month={September},
pages={400},
publisher={ΑΙΘΡΑ}
}

\nocite{*}